@book{bertsekas1995nonlinear,
	title="Nonlinear Programming",
	author="Dimitri {Bertsekas}",
	notes="Sourced from Microsoft Academic - https://academic.microsoft.com/paper/2798766386",
	year="1995"
}

@article{baraniuk2008a,
	title="A Simple Proof of the Restricted Isometry Property for Random Matrices",
	author="Richard G. {Baraniuk} and Mark A. {Davenport} and Ronald A. {DeVore} and Michael B. {Wakin}",
	journal="Constructive Approximation",
	volume="28",
	number="3",
	pages="253--263",
	notes="Sourced from Microsoft Academic - https://academic.microsoft.com/paper/2030449718",
	year="2008"
}

@article{anandkumar2014tensor,
	title="Tensor decompositions for learning latent variable models",
	author="Animashree {Anandkumar} and Rong {Ge} and Daniel {Hsu} and Sham M. {Kakade} and Matus {Telgarsky}",
	journal="Journal of Machine Learning Research",
	volume="15",
	number="1",
	pages="2773--2832",
	notes="Sourced from Microsoft Academic - https://academic.microsoft.com/paper/2105724942",
	year="2014"
}

@article{balakrishnan2017statistical,
	title="Statistical guarantees for the EM algorithm: From population to sample-based analysis",
	author="Sivaraman {Balakrishnan} and Martin J. {Wainwright} and Bin {Yu}",
	journal="Annals of Statistics",
	volume="45",
	number="1",
	pages="77--120",
	notes="Sourced from Microsoft Academic - https://academic.microsoft.com/paper/2962737134",
	year="2017"
}

@inproceedings{agarwal2017finding,
	title="Finding approximate local minima faster than gradient descent",
	author="Naman {Agarwal} and Zeyuan {Allen-Zhu} and Brian {Bullins} and Elad {Hazan} and Tengyu {Ma}",
	booktitle="Proceedings of the 49th Annual ACM SIGACT Symposium on Theory of Computing",
	pages="1195--1199",
	notes="Sourced from Microsoft Academic - https://academic.microsoft.com/paper/2609037894",
	year="2017"
}

@article{agarwal2012fast,
	title="Fast global convergence of gradient methods for high-dimensional statistical recovery",
	author="Alekh {Agarwal} and Sahand N. {Negahban} and Martin J. {Wainwright}",
	journal="Annals of Statistics",
	volume="40",
	number="5",
	pages="2452--2482",
	notes="Sourced from Microsoft Academic - https://academic.microsoft.com/paper/2566240941",
	year="2012"
}

@inproceedings{arora2014new,
	title="New Algorithms for Learning Incoherent and Overcomplete Dictionaries",
	author="Sanjeev {Arora} and Rong {Ge} and Ankur {Moitra}",
	booktitle="Proceedings of The 27th Conference on Learning Theory",
	pages="779--806",
	notes="Sourced from Microsoft Academic - https://academic.microsoft.com/paper/2963591837",
	year="2014"
}

@inproceedings{bhatia2015robust,
	title="Robust Regression via hard thresholding",
	author="Kush {Bhatia} and Prateek {Jain} and Purushottam {Kar}",
	booktitle="NIPS'15 Proceedings of the 28th International Conference on Neural Information Processing Systems - Volume 1",
	pages="721--729",
	notes="Sourced from Microsoft Academic - https://academic.microsoft.com/paper/616376197",
	year="2015"
}

@article{agarwal2016learning,
	title="Learning Sparsely Used Overcomplete Dictionaries via Alternating Minimization",
	author="Alekh {Agarwal} and Animashree {Anandkumar} and Prateek {Jain} and Praneeth {Netrapalli}",
	journal="Siam Journal on Optimization",
	volume="26",
	number="4",
	pages="2775--2799",
	notes="Sourced from Microsoft Academic - https://academic.microsoft.com/paper/2963697946",
	year="2016"
}

@inproceedings{anandkumar2016efficient,
	title="Efficient approaches for escaping higher order saddle points in non-convex optimization",
	author="Animashree {Anandkumar} and Rong {Ge}",
	booktitle="29th Annual Conference on Learning Theory",
	pages="81--102",
	notes="Sourced from Microsoft Academic - https://academic.microsoft.com/paper/2963687412",
	year="2016"
}

@article{andresen2016convergence,
	title="Convergence of an alternating maximization procedure",
	author="Andreas {Andresen} and Vladimir {Spokoiny}",
	journal="Journal of Machine Learning Research",
	volume="17",
	number="1",
	pages="2229--2281",
	notes="Sourced from Microsoft Academic - https://academic.microsoft.com/paper/2343583226",
	year="2016"
}

@book{boyd2004convex,
	title="Convex Optimization",
	author="Stephen {Boyd} and Lieven {Vandenberghe}",
	notes="Sourced from Microsoft Academic - https://academic.microsoft.com/paper/2296319761",
	year="2004"
}

@article{candes2005decoding,
	title="Decoding by linear programming",
	author="E.J. {Candes} and T. {Tao}",
	journal="IEEE Transactions on Information Theory",
	volume="51",
	number="12",
	pages="4203--4215",
	notes="Sourced from Microsoft Academic - https://academic.microsoft.com/paper/2129131372",
	year="2005"
}

@article{candès2006stable,
	title="Stable signal recovery from incomplete and inaccurate measurements",
	author="Emmanuel J. {Candès} and Justin K. {Romberg} and Terence {Tao}",
	journal="Communications on Pure and Applied Mathematics",
	volume="59",
	number="8",
	pages="1207--1223",
	notes="Sourced from Microsoft Academic - https://academic.microsoft.com/paper/2164452299",
	year="2006"
}

@article{candès2012exact,
	title="Exact matrix completion via convex optimization",
	author="Emmanuel {Candès} and Benjamin {Recht}",
	journal="Communications of The ACM",
	volume="55",
	number="6",
	pages="111--119",
	notes="Sourced from Microsoft Academic - https://academic.microsoft.com/paper/2124608575",
	year="2012"
}

@article{cai2010a,
	title="A Singular Value Thresholding Algorithm for Matrix Completion",
	author="Jian-Feng {Cai} and Emmanuel J. {Candès} and Zuowei {Shen}",
	journal="Siam Journal on Optimization",
	volume="20",
	number="4",
	pages="1956--1982",
	notes="Sourced from Microsoft Academic - https://academic.microsoft.com/paper/2103972604",
	year="2010"
}

@article{candes2010the,
	title="The Power of Convex Relaxation: Near-Optimal Matrix Completion",
	author="Emmanuel J {Candes} and Terence {Tao}",
	journal="IEEE Transactions on Information Theory",
	volume="56",
	number="5",
	pages="2053--2080",
	notes="Sourced from Microsoft Academic - https://academic.microsoft.com/paper/2134332047",
	year="2010"
}

@book{bubeck2015convex,
	title="Convex Optimization: Algorithms and Complexity",
	author="Sébastien {Bubeck}",
	notes="Sourced from Microsoft Academic - https://academic.microsoft.com/paper/2963326510",
	year="2015"
}

@inproceedings{brutzkus2017globally,
	title="Globally optimal gradient descent for a ConvNet with Gaussian inputs",
	author="Alon {Brutzkus} and Amir {Globerson}",
	booktitle="ICML'17 Proceedings of the 34th International Conference on Machine Learning - Volume 70",
	pages="605--614",
	notes="Sourced from Microsoft Academic - https://academic.microsoft.com/paper/2591714514",
	year="2017"
}

@article{bourgain2011explicit,
	title="Explicit constructions of RIP matrices and related problems",
	author="Jean {Bourgain} and Stephen J. {Dilworth} and Kevin {Ford} and Sergei V. {Konyagin} and Denka {Kutzarova}",
	journal="Duke Mathematical Journal",
	volume="159",
	number="1",
	pages="145--185",
	notes="Sourced from Microsoft Academic - https://academic.microsoft.com/paper/2951417773",
	year="2011"
}

@article{blumensath2011sampling,
	title="Sampling and Reconstructing Signals From a Union of Linear Subspaces",
	author="T {Blumensath}",
	journal="IEEE Transactions on Information Theory",
	volume="57",
	number="7",
	pages="4660--4671",
	notes="Sourced from Microsoft Academic - https://academic.microsoft.com/paper/2100875869",
	year="2011"
}

@inproceedings{bhojanapalli2014universal,
	title="Universal Matrix Completion",
	author="Srinadh {Bhojanapalli} and Prateek {Jain}",
	booktitle="Proceedings of The 31st International Conference on Machine Learning",
	pages="1881--1889",
	notes="Sourced from Microsoft Academic - https://academic.microsoft.com/paper/2964075618",
	year="2014"
}

@inproceedings{bhatia2017consistent,
	title="Consistent Robust Regression",
	author="Kush {Bhatia} and Prateek {Jain} and Parameswaran {Kamalaruban} and Purushottam {Kar}",
	booktitle="Advances in Neural Information Processing Systems",
	pages="2110--2119",
	notes="Sourced from Microsoft Academic - https://academic.microsoft.com/paper/2751645773",
	year="2017"
}

@inproceedings{carmon2017convex,
	title="Convex until proven guilty: dimension-free acceleration of gradient descent on non-convex functions",
	author="Yair {Carmon} and John C. {Duchi} and Oliver {Hinder} and Aaron {Sidford}",
	booktitle="ICML'17 Proceedings of the 34th International Conference on Machine Learning - Volume 70",
	pages="654--663",
	notes="Sourced from Microsoft Academic - https://academic.microsoft.com/paper/2963217371",
	year="2017"
}

@article{fan2008liblinear,
	title="LIBLINEAR: A Library for Large Linear Classification",
	author="Rong-En {Fan} and Kai-Wei {Chang} and Cho-Jui {Hsieh} and Xiang-Rui {Wang} and Chih-Jen {Lin}",
	journal="Journal of Machine Learning Research",
	volume="9",
	pages="1871--1874",
	notes="Sourced from Microsoft Academic - https://academic.microsoft.com/paper/2118585731",
	year="2008"
}

@article{dempster1977maximum,
	title="Maximum likelihood from incomplete data via the EM algorithm",
	author="Arthur P. {Dempster} and Nan M. {Laird} and Donald B. {Rubin}",
	journal="Journal of the royal statistical society series b-methodological",
	volume="39",
	number="1",
	pages="1--22",
	notes="Sourced from Microsoft Academic - https://academic.microsoft.com/paper/2049633694",
	year="1977"
}

@article{chartrand2007exact,
	title="Exact Reconstruction of Sparse Signals via Nonconvex Minimization",
	author="R. {Chartrand}",
	journal="IEEE Signal Processing Letters",
	volume="14",
	number="10",
	pages="707--710",
	notes="Sourced from Microsoft Academic - https://academic.microsoft.com/paper/2004544971",
	year="2007"
}

@inproceedings{duchi2008efficient,
	title="Efficient projections onto the l 1 -ball for learning in high dimensions",
	author="John {Duchi} and Shai {Shalev-Shwartz} and Yoram {Singer} and Tushar {Chandra}",
	booktitle="Proceedings of the 25th international conference on Machine learning",
	pages="272--279",
	notes="Sourced from Microsoft Academic - https://academic.microsoft.com/paper/1978259121",
	year="2008"
}

@article{goldfarb2011convergence,
	title="Convergence of Fixed-Point Continuation Algorithms for Matrix Rank Minimization",
	author="Donald {Goldfarb} and Shiqian {Ma}",
	journal="Foundations of Computational Mathematics",
	volume="11",
	number="2",
	pages="183--210",
	notes="Sourced from Microsoft Academic - https://academic.microsoft.com/paper/2001801912",
	year="2011"
}

@inproceedings{garg2009gradient,
	title="Gradient descent with sparsification: an iterative algorithm for sparse recovery with restricted isometry property",
	author="Rahul {Garg} and Rohit {Khandekar}",
	booktitle="Proceedings of the 26th Annual International Conference on Machine Learning",
	pages="337--344",
	notes="Sourced from Microsoft Academic - https://academic.microsoft.com/paper/2163107063",
	year="2009"
}

@article{chen2012matrix,
	title="Matrix completion via an alternating direction method",
	author="Caihua {Chen} and Bingsheng {He} and Xiaoming {Yuan}",
	journal="Ima Journal of Numerical Analysis",
	volume="32",
	number="1",
	pages="227--245",
	notes="Sourced from Microsoft Academic - https://academic.microsoft.com/paper/2059958128",
	year="2012"
}

@inproceedings{chen2013robust,
	title="Robust Sparse Regression under Adversarial Corruption",
	author="Yudong {Chen} and Constantine {Caramanis} and Shie {Mannor}",
	booktitle="Proceedings of The 30th International Conference on Machine Learning",
	pages="774--782",
	notes="Sourced from Microsoft Academic - https://academic.microsoft.com/paper/54422097",
	year="2013"
}

@inproceedings{dalalyan2012fused,
	title="Fused sparsity and robust estimation for linear models with unknown variance",
	author="Arnak {Dalalyan} and Yin {Chen}",
	booktitle="Advances in Neural Information Processing Systems 25",
	pages="1259--1267",
	notes="Sourced from Microsoft Academic - https://academic.microsoft.com/paper/2113118796",
	year="2012"
}

@inproceedings{chen2015local,
	title="Local and global optimality of LP minimization for sparse recovery",
	author="Laming {Chen} and Yuantao {Gu}",
	booktitle="2015 IEEE International Conference on Acoustics, Speech and Signal Processing (ICASSP)",
	pages="3596--3600",
	notes="Sourced from Microsoft Academic - https://academic.microsoft.com/paper/1484131664",
	year="2015"
}

@article{demmel1986matrix,
	title="Matrix Computations (Gene H. Golub And Charles F. van Loan)",
	author="James W. {Demmel}",
	journal="Siam Review",
	volume="28",
	number="2",
	pages="252--255",
	notes="Sourced from Microsoft Academic - https://academic.microsoft.com/paper/2062313163",
	year="1986"
}

@article{nesterov2014introductory,
	title="Introductory Lectures on Convex Optimization: A Basic Course",
	author="Yurii {Nesterov}",
	journal="",
	notes="Sourced from Microsoft Academic - https://academic.microsoft.com/paper/2124541940",
	year="2014"
}

@article{nesterov2012efficiency,
	title="Efficiency of coordinate descent methods on huge-scale optimization problems",
	author="Yurii E. {Nesterov}",
	journal="Siam Journal on Optimization",
	volume="22",
	number="2",
	pages="341--362",
	notes="Sourced from Microsoft Academic - https://academic.microsoft.com/paper/2095984592",
	year="2012"
}

@article{negahban2012a,
	title="A Unified Framework for High-Dimensional Analysis of $M$-Estimators with Decomposable Regularizers",
	author="Sahand N. {Negahban} and Pradeep {Ravikumar} and Martin J. {Wainwright} and Bin {Yu}",
	journal="Statistical Science",
	volume="27",
	number="4",
	pages="538--557",
	notes="Sourced from Microsoft Academic - https://academic.microsoft.com/paper/2950190315",
	year="2012"
}

@article{natarajan1995sparse,
	title="Sparse Approximate Solutions to Linear Systems",
	author="B. K. {Natarajan}",
	journal="SIAM Journal on Computing",
	volume="24",
	number="2",
	pages="227--234",
	notes="Sourced from Microsoft Academic - https://academic.microsoft.com/paper/2028781966",
	year="1995"
}

@article{lee2016gradient,
	title="Gradient descent only converges to minimizers",
	author="Jason D. {Lee} and Max {Simchowitz} and Michael I. {Jordan} and Benjamin {Recht}",
	journal="Journal of Machine Learning Research",
	volume="49",
	pages="1246--1257",
	notes="Sourced from Microsoft Academic - https://academic.microsoft.com/paper/3005186046",
	year="2016"
}

@inproceedings{jain2010guaranteed,
	title="Guaranteed Rank Minimization via Singular Value Projection",
	author="Prateek {Jain} and Raghu {Meka} and Inderjit S. {Dhillon}",
	booktitle="Advances in Neural Information Processing Systems 23",
	pages="937--945",
	notes="Sourced from Microsoft Academic - https://academic.microsoft.com/paper/1573301526",
	year="2010"
}

@inproceedings{hardt2014understanding,
	title="Understanding Alternating Minimization for Matrix Completion",
	author="Moritz {Hardt}",
	booktitle="FOCS '14 Proceedings of the 2014 IEEE 55th Annual Symposium on Foundations of Computer Science",
	pages="651--660",
	notes="Sourced from Microsoft Academic - https://academic.microsoft.com/paper/2963972677",
	year="2014"
}

@inproceedings{hardt2014fast,
	title="Fast Matrix Completion Without the Condition Number",
	author="Moritz {Hardt} and Mary {Wootters}",
	booktitle="Proceedings of The 27th Conference on Learning Theory",
	pages="638--678",
	notes="Sourced from Microsoft Academic - https://academic.microsoft.com/paper/2963381918",
	year="2014"
}

@article{gribonval2015sparse,
	title="Sparse and Spurious: Dictionary Learning With Noise and Outliers",
	author="Remi {Gribonval} and Rodolphe {Jenatton} and Francis {Bach}",
	journal="IEEE Transactions on Information Theory",
	volume="61",
	number="11",
	pages="6298--6319",
	notes="Sourced from Microsoft Academic - https://academic.microsoft.com/paper/1933990309",
	year="2015"
}

@inproceedings{jaganathan2013sparse,
	title="Sparse phase retrieval: Convex algorithms and limitations",
	author="Kishore {Jaganathan} and Samet {Oymak} and Babak {Hassibi}",
	booktitle="2013 IEEE International Symposium on Information Theory",
	pages="1022--1026",
	notes="Sourced from Microsoft Academic - https://academic.microsoft.com/paper/2002182974",
	year="2013"
}

@inproceedings{nelson2014new,
	title="New constructions of RIP matrices with fast multiplication and fewer rows",
	author="Jelani {Nelson} and Eric {Price} and Mary {Wootters}",
	booktitle="SODA '14 Proceedings of the twenty-fifth annual ACM-SIAM symposium on Discrete algorithms",
	pages="1515--1528",
	notes="Sourced from Microsoft Academic - https://academic.microsoft.com/paper/2964247159",
	year="2014"
}

@article{luo1992on,
	title="On the convergence of the coordinate descent method for convex differentiable minimization",
	author="Z. Q. {Luo} and P. {Tseng}",
	journal="Journal of Optimization Theory and Applications",
	volume="72",
	number="1",
	pages="7--35",
	notes="Sourced from Microsoft Academic - https://academic.microsoft.com/paper/2013850411",
	year="1992"
}

@inproceedings{haviv2016the,
	title="The restricted isometry property of subsampled fourier matrices",
	author="Ishay {Haviv} and Oded {Regev}",
	booktitle="Proceedings of the twenty-seventh annual ACM-SIAM symposium on Discrete algorithms",
	pages="288--297",
	notes="Sourced from Microsoft Academic - https://academic.microsoft.com/paper/1948197544",
	year="2016"
}

@inproceedings{jain2015alternating,
	title="Alternating minimization for regression problems with vector-valued outputs",
	author="Prateek {Jain} and Ambuj {Tewari}",
	booktitle="NIPS'15 Proceedings of the 28th International Conference on Neural Information Processing Systems - Volume 1",
	pages="1126--1134",
	notes="Sourced from Microsoft Academic - https://academic.microsoft.com/paper/2189137528",
	year="2015"
}

@book{nocedal2000numerical,
	title="Numerical Optimization (Springer Series in Operations Research and Financial Engineering)",
	author="Jorge {Nocedal} and Stephen J. {Wright}",
	notes="Sourced from Microsoft Academic - https://academic.microsoft.com/paper/2607928667",
	year="2000"
}

@article{wu1983on,
	title="ON THE CONVERGENCE PROPERTIES OF THE EM ALGORITHM",
	author="C. F. Jeff {Wu}",
	journal="Annals of Statistics",
	volume="11",
	number="1",
	pages="95--103",
	notes="Sourced from Microsoft Academic - https://academic.microsoft.com/paper/2053742104",
	year="1983"
}

@book{sra2013optimization,
	title="Optimization for Machine Learning",
	author="Suvrit {Sra} and Sebastian {Nowozin} and Stephen J. {Wright}",
	notes="Sourced from Microsoft Academic - https://academic.microsoft.com/paper/1569098853",
	year="2013"
}

@inproceedings{yi2014alternating,
	title="Alternating Minimization for Mixed Linear Regression",
	author="Xinyang {Yi} and Constantine {Caramanis} and Sujay {Sanghavi}",
	booktitle="Proceedings of The 31st International Conference on Machine Learning",
	pages="613--621",
	notes="Sourced from Microsoft Academic - https://academic.microsoft.com/paper/2138967244",
	year="2014"
}

@inproceedings{yi2015regularized,
	title="Regularized EM algorithms: a unified framework and statistical guarantees",
	author="Xinyang {Yi} and Constantine {Caramanis}",
	booktitle="NIPS'15 Proceedings of the 28th International Conference on Neural Information Processing Systems",
	pages="1567--1575",
	notes="Sourced from Microsoft Academic - https://academic.microsoft.com/paper/2962686239",
	year="2015"
}

@inproceedings{wang2015high,
	title="High dimensional EM algorithm: statistical optimization and asymptotic normality",
	author="Zhaoran {Wang} and Quanquan {Gu} and Yang {Ning} and Han {Liu}",
	booktitle="NIPS'15 Proceedings of the 28th International Conference on Neural Information Processing Systems - Volume 2",
	pages="2521--2529",
	notes="Sourced from Microsoft Academic - https://academic.microsoft.com/paper/2185602187",
	year="2015"
}

